@online{datanami,
  	title = {How Four Financial Giants Crunch Big Data},
  	year = 2012,
  	url = {https://www.datanami.com/2012/07/09/how_four_financial_giants_crunch_big_data/},
  	urldate = {2016-01-05}
}
@techreport{DBBigData,
	title = {Big Data: How it can become a differentiator},
    year = {2014},
    institution = {Deutsche Bank GLobal Transaction Banking},
    month = {10}
}
@book{bankwirtschaft,
  title = {Bankwirtschaft},
  author = {Hellenkamp, D.},
  isbn = {9783658067656},
  series = {Studienwissen kompakt},
  url = {https://books.google.de/books?id=jEbgCQAAQBAJ},
  year = {2015},
  publisher = {Springer Fachmedien Wiesbaden}
}
@article{herzKernbankensystem,
	title = {"Man muss etwas tun, bevor der Patient stirbt"},
	author = {Hamm, M.},
	year = {2014},
	number = {5},
	journaltitle = {Banken+Partner}
}
@inproceedings{GFS,
  title={The Google file system},
  author={Ghemawat, Sanjay and Gobioff, Howard and Leung, Shun-Tak},
  booktitle={ACM SIGOPS operating systems review},
  volume={37},
  number={5},
  pages={29--43},
  year={2003},
  organization={ACM}
}
@inproceedings{hdfs,
  title={The hadoop distributed file system},
  author={Shvachko, Konstantin and Kuang, Hairong and Radia, Sanjay and Chansler, Robert},
  booktitle={2010 IEEE 26th symposium on mass storage systems and technologies (MSST)},
  pages={1--10},
  year={2010},
  organization={IEEE}
}
@inproceedings{haystack,
  title={Finding a Needle in Haystack: Facebook's Photo Storage.},
  author={Beaver, Doug and Kumar, Sanjeev and Li, Harry C and Sobel, Jason and Vajgel, Peter and others},
  booktitle={OSDI},
  volume={10},
  pages={1--8},
  year={2010}
}
@misc{ wiki:fintech,
   author = "Wikipedia",
   title = "Financial technology --- Wikipedia{,} The Free Encyclopedia",
   year = "2016",
   url = "https://en.wikipedia.org/w/index.php?title=Financial_technology&oldid=757236979",
   note = "[Online; accessed 29-December-2016]"
 }